@misc{MOT,
  Author = {TU Darmstadt},
  Title = {{K\"{u}hlen und Fangen von Rubidiumatomen in einer magneto-optischen Falle - Versuchsanleitung}},
  Howpublished = {URL: \url{http://www.iap.tu-darmstadt.de/fileadmin/iap/fp/a/FPMOTIndex.pdf}},
  Note = {[Online, abgerufen am 02. M\"{a}rz 2015]}
}

@misc{AOM,
  Author = {TU Darmstadt},
  Title = {{Akusto-optischer Modulator - Versuchsanleitung}},
  Howpublished = {URL: \url{http://www.iap.tu-darmstadt.de/fileadmin/iap/fp/a/Anleitung_AOM_4.10_v1.4.pdf}},
  Note = {[Online, abgerufen am 02. M\"{a}rz 2015]}
}

@misc{IGP,
  Author = {VACOM},
  Title = {{Ionengetter- und Titansublimationspumpen}},
  Howpublished = {URL: \url{http://www.vacom.de/downloads/vacom-produktkatalog}},
  Note = {[Online, abgerufen am 20. M\"{a}rz 2015]}
}

@Book{SL,
  Author = {W. Demtr\"{o}der},
  Title = {Laserspektroskopie - Grundlagen und Techniken},
  Publisher = {Springer},
  Year = {2007}
}

@Book{EX,
  Author = {W. Demtr\"{o}der},
  Title = {Experimentalphysik 2 - Elektrizit\"{a}t und Optik (5. Auflage)},
  Publisher = {Springer},
  Year = {2009}
}

@Book{PID,
  Author = {G. Pressler},
  Title = {Regelungstechnik - I Grundelemente},
  Publisher = {Hochschultaschenb\"{u}cher},
  Year = {1967}
}

@Book{OLL,
  Author = {D. Meschede},
  Title = {Optik, Licht und Laser},
  Publisher = {Vieweg-Teubner},
  Year = {2008}
}

@Book{OFI,
  Author = {F. Pedrotti and L. Pedrotti and  W. Bausch and H. Schmidt},
  Title = {Optik f\"{u}r Ingenieure - Grundlagen (3. Auflage)},
  Publisher = {Springer},
  Year = {2005}
}

@Book{CT,
  Author = {H. Metcalf and P. van der Straten},
  Title = {Laser cooling and trapping},
  Publisher = {Springer},
  Year = {2002}
}

@misc{NL,
  Author = {W. D. Philips},
  Title = {Laser cooling and trapping of neutral atoms},
  Howpublished = {URL: \url{http://www.nobelprize.org/nobel_prizes/physics/laureates/1997/phillips-lecture.html}},
  Note = {[Online, abgerufen am 13. April 2015]}
}

@misc{POL,
  Author = {RP Photonics},
  Title = {Thin-film Polarizers},
  Howpublished = {URL: \url{http://www.rp-photonics.com/thin_film_polarizers.html}},
  Note = {[Online, abgerufen am 19. April 2015]}
}